<collection xmlns="http://www.loc.gov/MARC21/slim">
<record>
  <leader>01560nam0a22002771i 450 </leader>
  <controlfield tag="001">IT\ICCU\CNCE\064666</controlfield>
  <controlfield tag="005">20060605000000.0</controlfield>
  <datafield tag="100" ind1=" " ind2=" ">
    <subfield code="a">20060605f1558        0itac0103    ba</subfield>
  </datafield>
  <datafield tag="101" ind1=" " ind2=" ">
    <subfield code="a">LAT</subfield>
  </datafield>
  <datafield tag="102" ind1=" " ind2=" ">
    <subfield code="a">IT</subfield>
  </datafield>
  <datafield tag="200" ind1="1" ind2=" ">
    <subfield code="a">℗M. Valerii Martialis ℗Epigrammata ab omni rerum obscoenitate, verborumque turpitudine uindicata. Opera, et industria Andreae Frusii Societatis Iesu theologi. Hac postrema editione quam plurimis mendis accuratius purgata</subfield>
  </datafield>
  <datafield tag="210" ind1=" " ind2=" ">
    <subfield code="a">Mediolani</subfield>
    <subfield code="c">ex typographia Josephi Marelli</subfield>
    <subfield code="d">\1558!</subfield>
  </datafield>
  <datafield tag="215" ind1=" " ind2=" ">
    <subfield code="a">302 p.</subfield>
    <subfield code="d">12ʻ</subfield>
  </datafield>
  <datafield tag="300" ind1=" " ind2=" ">
    <subfield code="a">La data presunta si ricava dall&apos;epistola dedicatoria, a p. 5.ANNULLATA: il tipografo, Giuseppe Marelli,  ̈attivo nel &apos;600</subfield>
  </datafield>
  <datafield tag="700" ind1=" " ind2="1">
    <subfield code="a">Martialis,</subfield>
    <subfield code="b">Marcus Valerius</subfield>
    <subfield code="3">IT\ICCU\CNCA\007686</subfield>
  </datafield>
  <datafield tag="702" ind1=" " ind2="1">
    <subfield code="a">Des_Freux,</subfield>
    <subfield code="b"></subfield>
    <subfield code="3">IT\ICCU\CNCA\004779</subfield>
  </datafield>
  <datafield tag="790" ind1=" " ind2="1">
    <subfield code="a">Marziale,</subfield>
    <subfield code="b">Marco Valerio</subfield>
    <subfield code="3">IT\ICCU\CNCA\017880</subfield>
    <subfield code="z">Martialis, Marcus Valerius</subfield>
  </datafield>
  <datafield tag="790" ind1=" " ind2="1">
    <subfield code="a">Valerius Martialis,</subfield>
    <subfield code="b">Marcus</subfield>
    <subfield code="3">IT\ICCU\CNCA\020472</subfield>
    <subfield code="z">Martialis, Marcus Valerius</subfield>
  </datafield>
  <datafield tag="790" ind1=" " ind2="1">
    <subfield code="a">Frusius,</subfield>
    <subfield code="b">Andreas</subfield>
    <subfield code="3">IT\ICCU\CNCA\014266</subfield>
    <subfield code="z"></subfield>
  </datafield>
  <datafield tag="790" ind1=" " ind2="1">
    <subfield code="a">Freux,</subfield>
    <subfield code="b">Andr ̌: de</subfield>
    <subfield code="3">IT\ICCU\CNCA\019534</subfield>
    <subfield code="z"></subfield>
  </datafield>
  <datafield tag="790" ind1=" " ind2="1">
    <subfield code="a">Frusio,</subfield>
    <subfield code="b">Andrea</subfield>
    <subfield code="3">IT\ICCU\CNCA\019977</subfield>
    <subfield code="z"></subfield>
  </datafield>
  <datafield tag="801" ind1=" " ind2="3">
    <subfield code="a">IT</subfield>
    <subfield code="b">ICCU</subfield>
    <subfield code="c">20201115</subfield>
  </datafield>
  <datafield tag="899" ind1=" " ind2=" ">
    <subfield code="a">Biblioteca del Seminario vescovile. Casale Monferrato</subfield>
    <subfield code="1">AL0024</subfield>
    <subfield code="2">TO0 L2</subfield>
  </datafield>
  <datafield tag="899" ind1=" " ind2=" ">
    <subfield code="a">Biblioteca civica Giovanni Canna. Casale Monferrato</subfield>
    <subfield code="1">AL0114</subfield>
    <subfield code="2">TO0 49</subfield>
  </datafield>
  <datafield tag="899" ind1=" " ind2=" ">
    <subfield code="a">Biblioteca provinciale di filosofia San Tommaso d&apos;Aquino. Torino</subfield>
    <subfield code="1">TO0071</subfield>
    <subfield code="2">TO0 D8</subfield>
  </datafield>
  <datafield tag="899" ind1=" " ind2=" ">
    <subfield code="a">Biblioteca provinciale Frati minori cappuccini. Torino</subfield>
    <subfield code="1">TO0264</subfield>
    <subfield code="2">TO0 84</subfield>
  </datafield>
</record>
</collection>
